% This file was created with JabRef 2.5.
% Encoding: UTF-8

@STRING{asl = {Atmos. Sci. Let.}}

@STRING{bams = {Bull. Amer. Meteor. Soc.}}

@STRING{blm = {Bound.-Lay. Meteorol.}}

@STRING{csr = {Cont. Shelf Res.}}

@STRING{dao = {Dynam. Atmos. Ocean}}

@STRING{dsr = {Deep-Sea Res.}}

@STRING{dsr1 = {Deep-Sea Res. I}}

@STRING{dsr2 = {Deep-Sea Res. II}}

@STRING{erl = {Environ. Res. Lett.}}

@STRING{grl = {Geophys. Res. Lett.}}

@STRING{ijclim = {Int. J. Climatol.}}

@STRING{jaot = {J. Atmos. Oceanic Tech.}}

@STRING{jas = {J. Atmos. Sci.}}

@STRING{jclim = {J. Clim.}}

@STRING{jcp = {J. Comput. Phys.}}

@STRING{jgr = {J. Geophys. Res.}}

@STRING{jmr = {J. Mar. Res.}}

@STRING{jms = {J. Mar. Syst.}}

@STRING{jpo = {J. Phys. Oceanogr.}}

@STRING{om = {Ocean Model.}}

@STRING{po = {Prog. Oceanogr.}}

@STRING{qjrms = {Quart. {J}. {R}. {M}eteorol. {S}oc.}}

@STRING{sg = {Surv. Geophys.}}

@STRING{sm = {Sci. Mar.}}

@ARTICLE{LUO10a,
  author = {Luo, Dehai and Zhu, Zhihui and Ren, Rongcai and Zhong, Linhao and
	Wang, Chunzai},
  title = {Spatial Pattern and Zonal Shift of the {N}orth {A}tlantic {O}scillation.
	{P}art {I}: {A} Dynamical Interpretation},
  journal = jas,
  year = {2010},
  volume = {67},
  pages = {2805-2826},
  number = {9},
  crossref = {@article{doi:10.1175/2010JAS3340.1,
	
	author = {Luo, Dehai and Zhong, Linhao and Ren, Rongcai and Wang,
	Chunzai},
	
	title = {Spatial Pattern and Zonal Shift of the North Atlantic Oscillation.
	Part II: Numerical Experiments},
	
	journal = {Journal of the Atmospheric Sciences},
	
	volume = {67},
	
	number = {9},
	
	pages = {2827-2853},
	
	year = {2010},
	
	doi = {10.1175/2010JAS3340.1},
	
	URL = {http://journals.ametsoc.org/doi/abs/10.1175/2010JAS3340.1},
	
	eprint = {http://journals.ametsoc.org/doi/pdf/10.1175/2010JAS3340.1}
	
	}
	
	@article{doi:10.1175/2010JAS3340.1,
	
	author = {Luo, Dehai and Zhong, Linhao and Ren, Rongcai and Wang,
	Chunzai},
	
	title = {Spatial Pattern and Zonal Shift of the North Atlantic Oscillation.
	Part II: Numerical Experiments},
	
	journal = {Journal of the Atmospheric Sciences},
	
	volume = {67},
	
	number = {9},
	
	pages = {2827-2853},
	
	year = {2010},
	
	doi = {10.1175/2010JAS3340.1},
	
	URL = {http://journals.ametsoc.org/doi/abs/10.1175/2010JAS3340.1},
	
	eprint = {http://journals.ametsoc.org/doi/pdf/10.1175/2010JAS3340.1}
	
	}},
  doi = {10.1175/2010JAS3345.1},
  eprint = {http://journals.ametsoc.org/doi/pdf/10.1175/2010JAS3345.1},
  owner = {charles},
  timestamp = {2010.10.01},
  url = {http://journals.ametsoc.org/doi/abs/10.1175/2010JAS3345.1}
}

@TECHREPORT{ANTONOV10,
  author = {J.~I. Antonov and D. Seidov and T.~P. Boyer and R.~A. Locarnini and
	A.~V. Mishonov and H.~E. Garcia and O.~K. Baranova and M.~M. Zweng
	and D.~R. Johnson},
  title = {World {O}cean {A}tlas 2009, {V}olume 2: {S}alinity. {S}. Levitus,
	{E}d.},
  institution = {NOAA Atlas NESDIS 69, U.S. Government Printing Office},
  year = {2010},
  address = {Washington{,} D.C.},
  note = {184pp},
  journal = {U.S. {G}overnment {P}rinting {O}ffice {NOAA} {NESDIS}},
  owner = {charles},
  timestamp = {2010.07.12}
}

@ARTICLE{ARISTEGUI01,
  author = {J. Ar\'{i}stegui and S. Hern\'{a}ndez-Le\'{o}n and M. F. Montero
	and M. G\'{o}mez},
  title = {The seasonal planktonic cycle in coastal waters of the {C}anary {I}slands},
  journal = sm,
  year = {2001},
  volume = {65},
  pages = {51-58},
  doi = {10.3989/scimar.2001.65s151},
  owner = {charles},
  timestamp = {2010.10.04}
}

@ARTICLE{BAKUN90,
  author = {A. Bakun},
  title = {Global climate change and intensification of coastal ocean upwelling},
  journal = {Science},
  year = {1990},
  volume = {247},
  pages = {198 - 201},
  number = {4939},
  month = {January},
  doi = {10.1126/science.247.4939.198},
  owner = {charles},
  timestamp = {2009.08.05}
}

@TECHREPORT{BOYER09,
  author = {T.~P.~Boyer and J.~I.~Antonov and O.~K.~Baranova and H.~E.~Garcia
	and D.~R.~Johnson and R.~A.~Locarnini and A.~V.~Mishonov and T.~D.~O'Brien
	and D.~Seidov and I.~V.~Smolyar and M.~M.~Zweng},
  title = {{World Ocean Database 2009, Chapter 1: Introduction}},
  institution = {National Oceanographic Data Center, Ocean Climate Laboratory},
  year = {2009},
  address = {Washington{,} D.C.},
  note = {216 pp.},
  owner = {charles},
  timestamp = {2010.01.21},
  url = {ftp://ftp.nodc.noaa.gov/pub/WOD09/DOC/wod09_intro.pdf}
}

@ARTICLE{CAYAN92,
  author = {Cayan, D. R.},
  title = {Latent and Sensible Heat Flux Anomalies over the Northern Oceans:
	Driving the Sea Surface Temperature},
  journal = jpo,
  year = {1992},
  volume = {22},
  pages = {859-881},
  number = {8},
  doi = {10.1175/1520-0485(1992)022<0859:LASHFA>2.0.CO;2},
  owner = {charles},
  timestamp = {2010.10.04}
}

@ARTICLE{CHARNOCK67,
  author = {H. Charnock},
  title = {Flux-gradient relations near the ground in unstable conditions},
  journal = qjrms,
  year = {1967},
  volume = {93},
  pages = {97-100},
  number = {395},
  doi = {10.1002/qj.49709339508},
  owner = {charles},
  timestamp = {2010.10.04}
}

@ARTICLE{DELEON73,
  author = {A. R. {De Le\'{o}n} and J. G. Braun},
  title = {Ciclo anual de la producci\'{o}n primaria y su relaci\'{o}n con los
	nutrientes en aguas canarias},
  journal = {Bol. Inst. Esp. Ocean.},
  year = {1973},
  volume = {167},
  pages = {1-24},
  owner = {charles},
  timestamp = {2010.10.05}
}

@MISC{FELDMAN10,
  author = {G. C. Feldman and C. R. {McClain}},
  title = {Ocean Color Web},
  howpublished = {NASA Goddard Space Flight Center, Eds. Kuring, N., Bailey, S. W.,
	Franz, B. F., Meister, G., Werdell, P. J., Eplee, R. E.},
  year = {2010},
  note = {{Accessed October 4, 2010}},
  owner = {charles},
  timestamp = {2010.10.04},
  url = {http://oceancolor.gsfc.nasa.gov/}
}

@ARTICLE{GOLDENBERG2001,
  author = {Goldenberg, Stanley B. and Landsea, Christopher W. and Mestas-Nunez,
	Alberto M. and Gray, William M.},
  title = {The Recent Increase in {A}tlantic Hurricane Activity: {C}auses and
	Implications},
  journal = {Science},
  year = {2001},
  volume = {293},
  pages = {474-479},
  number = {5529},
  doi = {10.1126/science.1060040},
  eprint = {http://www.sciencemag.org/cgi/reprint/293/5529/474.pdf},
  owner = {charles},
  timestamp = {2010.10.05},
  url = {http://www.sciencemag.org/cgi/content/abstract/293/5529/474}
}

@ARTICLE{HERNANDEZLEON84,
  author = {Hern\'{a}ndez-Le\'{o}n, S. and O. Llin\'{a}s and J. G. Braun},
  title = {Nota sobre la variaci\'{o}n de la biomasa del mesozooplancton en
	aguas de {C}anarias},
  journal = {Inv. {P}esc.},
  year = {1984},
  volume = {48},
  pages = {495-508},
  owner = {charles},
  timestamp = {2010.10.05}
}

@ARTICLE{HERNANDEZLEON04,
  author = {S. {Hern\'{a}ndez-Le\'{o}n} and C. Almeida and P. B\'{e}cogn\'{e}e
	and L. Yebra and J. Ar\'{i}stegui},
  title = {Zooplankton biomass and indices of grazing and metabolism during
	a late winter bloom in subtropical waters},
  journal = {Mar. {B}iol.},
  year = {2004},
  volume = {145},
  pages = {1191-1200},
  number = {6},
  doi = {10.1007/s00227-004-1396-5},
  owner = {charles},
  timestamp = {2010.10.05}
}

@ARTICLE{HURREL95,
  author = {J. W Hurrel},
  title = {Decadal Trends in the {N}orth {A}tlantic {O}scillation: {R}egional
	Temperatures and Precipitation},
  journal = {Science},
  year = {1995},
  volume = {269},
  pages = {676-679},
  number = {5224},
  month = {August},
  doi = {10.1126/science.269.5224.676},
  owner = {charles},
  timestamp = {2010.09.24}
}

@ARTICLE{HURREL09,
  author = {J. W. Hurrell and C. Deser},
  title = {{North Atlantic climate variability: The role of the North Atlantic
	Oscillation}},
  journal = jms,
  year = {2009},
  volume = {78},
  pages = {28-41},
  number = {1},
  doi = {10.1016/j.jmarsys.2008.11.026},
  owner = {charles},
  timestamp = {2010.10.04},
  url = {http://www.sciencedirect.com/science/article/B6VF5-4VNH3V7-M/2/0e9a811d09352ed34865a43c0d124fb1}
}

@ARTICLE{KALNAY96,
  author = {E. Kalnay and M. Kanamitsu and R. Kistler and W. Collins and D. Deaven
	and L. Gandin and M. Iredell and S. Saha and G. White and J. Woollen
	and Y. Zhu and A. Leetmaa and R. Reynolds and M. Chelliah and W.
	Ebisuzaki and W. Higgins and J. Janowiak and K.~C. Mo and C. Ropelewski
	and J. Wang and R. Jenne and D. Joseph},
  title = {The {NCEP/NCAR} 40-Year Reanalysis Project},
  journal = bams,
  year = {1996},
  volume = {77},
  pages = {437-471},
  number = {3},
  doi = {10.1175/1520-0477(1996)077<0437:TNYRP>2.0.CO;2},
  owner = {charles},
  timestamp = {2010.09.13},
  url = {http://journals.ametsoc.org/doi/abs/10.1175/1520-0477%281996%29077%3C0437%3ATNYRP%3E2.0.CO%3B2}
}

@ARTICLE{KARA00,
  author = {A. B. Kara and P. A. Rochford and H. E. Hurlburt},
  title = {An optimal definition for ocean mixed layer depth},
  journal = jgr,
  year = {2000},
  volume = {105},
  pages = {16803-16821},
  doi = {10.1029/2000JC900072},
  owner = {Charles},
  timestamp = {2008.06.17}
}

@ARTICLE{KONDO75,
  author = {J. Kondo},
  title = {Air-sea bulk transfer coefficients in diabatic conditions},
  journal = blm,
  year = {1975},
  volume = {9},
  pages = {91-112},
  doi = {10.1007/BF00232256},
  issn = {0006-8314},
  issue = {1},
  keyword = {Earth and Environmental Science},
  owner = {charles},
  publisher = {Springer Netherlands},
  timestamp = {2010.10.04}
}

@TECHREPORT{LOCARNINI10,
  author = {R. A Locarnini and A.~V. Mishonov and J.~I. Antonov and T.~P. Boyer
	and H.~E. Garcia},
  title = {World {O}cean {A}tlas 2009, {V}olume 1: {T}emperature. {S}. Levitus,
	{E}d.},
  institution = {NOAA Atlas NESDIS 68, U.S. Government Printing Office},
  year = {2010},
  address = {Washington{,} D.C.},
  note = {184pp},
  journal = {U.S. {G}overnment {P}rinting {O}ffice {NOAA} {NESDIS}},
  owner = {charles},
  timestamp = {2010.07.12}
}

@ARTICLE{LOCKWOOD10,
  author = {M. Lockwood and R. G. Harrison and T. Woollings and S. K. Solanki},
  title = {Are cold winters in Europe associated with low solar activity?},
  journal = erl,
  year = {2010},
  volume = {5},
  pages = {024001},
  doi = {10.1088/1748-9326/5/2/024001},
  owner = {charles},
  timestamp = {2010.07.27}
}

@ARTICLE{LOZIER08,
  author = {M. S. Lozier and S. Leadbetter and R. G. Williams and V. Roussenov
	and M. S. C. Reed and N. J. Moore},
  title = {The Spatial Pattern and Mechanisms of Heat-Content Change in the
	{N}orth {A}tlantic},
  journal = {Science},
  year = {2008},
  volume = {319},
  pages = {800-803},
  number = {5864},
  doi = {10.1126/science.1146436},
  owner = {charles},
  timestamp = {2010.10.14}
}

@ARTICLE{LOZIER10,
  author = {M.~S.~Lozier and V. Roussenov and M.~S.~C. Reed and R.~G. Williams},
  title = {Opposing decadal changes for the {N}orth {A}tlantic
	
	meridional overturning circulation},
  journal = {Nature Geoscience},
  year = {2010},
  volume = {3},
  pages = {728-734},
  doi = {10.1038/NGEO947},
  owner = {charles},
  timestamp = {2010.10.14}
}

@ARTICLE{LUO10b,
  author = {Luo, Dehai and Zhong, Linhao and Ren, Rongcai and Wang, Chunzai},
  title = {Spatial Pattern and Zonal Shift of the {N}orth {A}tlantic {O}scillation.
	{P}art {II}: {N}umerical Experiments},
  journal = jas,
  year = {2010},
  volume = {67},
  pages = {2827-2853},
  number = {9},
  doi = {10.1175/2010JAS3340.1},
  eprint = {http://journals.ametsoc.org/doi/pdf/10.1175/2010JAS3340.1},
  owner = {charles},
  timestamp = {2010.10.01},
  url = {http://journals.ametsoc.org/doi/abs/10.1175/2010JAS3340.1}
}

@ARTICLE{MARSHALL01,
  author = {J. Marshall and H. Johnson and J. Goodman},
  title = {A Study of the Interaction of the {N}orth {A}tlantic {O}scillation
	with Ocean Circulation},
  journal = jclim,
  year = {2001},
  volume = {14},
  pages = {1399-1421},
  number = {7},
  doi = {10.1175/1520-0442(2001)014<1399:ASOTIO>2.0.CO;2},
  owner = {charles},
  timestamp = {2010.07.27},
  url = {http://journals.ametsoc.org/doi/abs/10.1175/1520-0442%282001%29014%3C1399%3AASOTIO%3E2.0.CO%3B2}
}

@ARTICLE{MARSHALL02,
  author = {J. Marshall and Y. Kushnir and D. Battisti and P. Chang and A. Czaja
	and R. Dickson and J. Hurrell and M. {McCartney} and R. Saravanan
	and M. Visbeck},
  title = {{N}orth {A}tlantic climate variability: phenomena, impacts and mechanisms},
  journal = ijclim,
  year = {2002},
  volume = {21},
  pages = {1863-189},
  number = {15},
  doi = {10.1002/joc.693},
  owner = {charles},
  timestamp = {2010.07.27},
  url = {http://www3.interscience.wiley.com/journal/89016692/abstract}
}

@ARTICLE{MCCLAIN04,
  author = {C. R. {McClain} and G. C. Feldman and S. B. Hooker},
  title = {An overview of the {SeaWiFS} project and strategies for producing
	a climate research quality global ocean bio-optical time series},
  journal = dsr2,
  year = {2004},
  volume = {51},
  pages = {5-42},
  doi = {10.1016/j.dsr2.2003.11.001},
  owner = {charles},
  timestamp = {2010.10.04}
}

@ARTICLE{OTTERSEN01,
  author = {G. Ottersen and B. Planque and A. Belgrano and E. Post and P. C.
	Reid and N. C. Stenseth},
  title = {Ecological effects of the North Atlantic Oscillation},
  journal = {Oecologia},
  year = {2001},
  volume = {128},
  pages = {1-14},
  doi = {10.1007/s004420100655},
  owner = {charles},
  timestamp = {2010.08.01}
}

@ARTICLE{REINIGER68,
  author = {R. Reiniger and C. Ross},
  title = {A method of interpolation with application to oceanographic data},
  journal = dsr,
  year = {1968},
  volume = {15},
  pages = {185-193},
  doi = {10.1016/0011-7471(68)90040-5},
  owner = {charles},
  timestamp = {2010.07.12}
}

@ARTICLE{REYNOLDS02,
  author = {Reynolds, R. W. and N. A. Rayner and T. M. Smith and D. C. Stokes
	and W. Wang},
  title = {An Improved In Situ and Satellite {SST} Analysis for Climate},
  journal = jclim,
  year = {2002},
  volume = {15},
  pages = {1609-1625},
  doi = {10.1175/1520-0442(2002)015<1609:AIISAS>2.0.CO;2},
  owner = {charles},
  timestamp = {2010.09.15}
}

@ARTICLE{RIXEN05,
  author = {Rixen, M. and J.-M. Beckers and S. Levitus and J. Antonov and T.
	Boyer and C. Maillard and M. Fichaut and E. Balopoulos and S. Iona
	and H. Dooley and M.-J. Garcia and B. Manca and A. Giorgetti and
	G. Manzella and N. Mikhailov and N. Pinardi and M. Zavatarelli and
	the Medar Consortium},
  title = {The {W}estern {M}editerranean {D}eep {W}ater: a proxy for global
	climate change},
  journal = grl,
  year = {2005},
  volume = {32},
  pages = {L12608},
  doi = {10.1029/2005GL022702},
  owner = {charles},
  timestamp = {2010.08.04}
}

@ARTICLE{SANTOS05,
  author = {A. M. P. Santos and A. S. Kazmin and \'{A}. Peliz},
  title = {Decadal changes in the {C}anary upwelling system as revealed by satellite
	observations{:} {T}heir impact on productivity},
  journal = jmr,
  year = {2005},
  volume = {63},
  pages = {359-379},
  doi = {10.1357/0022240053693671},
  owner = {charles},
  timestamp = {2010.09.24}
}

@ARTICLE{SEAGER10,
  author = {R. Seager and Y. Kushnir and J. Nakamura and M. Ting and N. Naik},
  title = {Northern Hemisphere winter snow anomalies: ENSO, NAO and the winter
	of 2009/10},
  journal = grl,
  year = {2010},
  volume = {37},
  pages = {L14703},
  doi = {10.1029/2010GL043830},
  owner = {charles},
  timestamp = {2010.07.26}
}

@ARTICLE{SIMMONS07,
  author = {A. Simmons and S. Uppala and D. Dee},
  title = {{Update on ERA-Interim}},
  journal = {ECMWF Newsletter},
  year = {2006-2007},
  volume = {111},
  pages = {6},
  owner = {charles},
  timestamp = {2010.09.13}
}

@ARTICLE{SIMMONS06,
  author = {A. Simmons and S. Uppala and D. Dee and S. Kobayashi},
  title = {{ERA-Interim: New ECMWF reanalysis products from
	
	1989 onwards}},
  journal = {ECMWF Newsletter},
  year = {2006},
  volume = {110},
  pages = {25-35},
  owner = {charles},
  timestamp = {2010.09.13}
}

@ARTICLE{SIMMONS10,
  author = {A.~J. Simmons and K.~M. Willett and P.~D. Jones and P.~W. Thorne
	and D.~P. Dee},
  title = {{Low-frequency variations in surface atmospheric humidity, temperature
	and precipitation: Inferences from reanalyses and monthly gridded
	observational datasets}},
  journal = jgr,
  year = {2010},
  volume = {115},
  pages = {D01110},
  doi = {10.1029/2009JD012442},
  owner = {charles},
  timestamp = {2010.09.13}
}

@ARTICLE{SMITH08,
  author = {T. M. Smith and R. W. Reynolds and T. C. Peterson and J. Lawrimore},
  title = {Improvements to {NOAA}'s Historical Merged Land-Ocean Surface Temperature
	
	Analysis (1880-2006)},
  journal = jclim,
  year = {2008},
  volume = {21},
  pages = {2283-2296},
  doi = {10.1175/2007JCLI2100.1},
  owner = {charles},
  timestamp = {2010.07.27}
}

@CONFERENCE{STARK07,
  author = {J. D. Stark and Donlon and C. J. and Martin and M. J. and McCulloch},
  title = {{OSTIA : An operational, high resolution, real time, global sea surface
	temperature analysis system}},
  booktitle = {Marine challenges: coastline to deep sea},
  year = {2007},
  pages = {1-4},
  owner = {charles},
  timestamp = {2010.09.15}
}

@ARTICLE{TROUPIN10,
  author = {C. Troupin and P. Sangr\`{a} and J. Ar\'{i}stegui},
  title = {Seasonal variability of the oceanic upper layer and its modulation
	of biological cycles in the {C}anary {I}sland region},
  journal = jms,
  year = {2010},
  volume = {80},
  pages = {172-183},
  number = {3-4},
  doi = {10.1016/j.jmarsys.2009.10.007},
  howpublished = {soumis à Journal of Marine Systems},
  owner = {Charles},
  timestamp = {2008.08.12}
}

@ARTICLE{UPPALA08,
  author = {S. Uppala and D. Dee and S. Kobayashi and P. Berrisford and A. Simmons},
  title = {{Towards a climate data assimilation system:
	
	status update of ERA-Interim}},
  journal = {ECMWF Newsletter},
  year = {2008},
  volume = {115},
  pages = {12-18},
  owner = {charles},
  timestamp = {2010.09.13}
}

@ARTICLE{UPPALA05,
  author = {Uppala, S. M. and P. W. Kallberg and A. J. Simmons and U. Andrae
	and V. da Costa Bechtold and M. Fiorino and J. K. Gibson and J. Haseler
	and A. Hernandez and G. A. Kelly and et al.},
  title = {The {ERA}-40 re-analysis},
  journal = {Quart. {J}. {R}. {M}eteorol. {S}oc.},
  year = {2005},
  volume = {131},
  pages = {2961-3012},
  number = {612},
  doi = {10.1256/qj.04.176},
  owner = {charles},
  timestamp = {2010.09.13}
}

@MISC{Visbeck,
  author = {M. Visbeck and E. P. Chassignet and R. Curry and T. Delworth and
	B. Dickson and G. Krahmann},
  title = {The ocean's response to North Atlantic oscillation variability},
  owner = {charles},
  timestamp = {2010.08.01}
}

@ARTICLE{VISBECK98,
  author = {M. Visbeck and H. Cullen and G. Krahmann and N. Naik},
  title = {An ocean model's response to {N}orth {A}tlantic {O}scillation-like
	wind forcing},
  journal = grl,
  year = {1998},
  volume = {25},
  pages = {4521-4524},
  number = {24},
  doi = {10.1029/1998GL900162},
  owner = {charles},
  timestamp = {2010.10.04}
}

@ARTICLE{WANG2002,
  author = {C. Wang},
  title = {Atlantic Climate Variability and Its Associated Atmospheric Circulation
	Cells},
  journal = jclim,
  year = {2002},
  volume = {15},
  pages = {1516-1536},
  doi = {10.1175/1520-0442(2002)015<1516:ACVAIA>2.0.CO;2},
  owner = {charles},
  timestamp = {2010.10.01},
  url = {http://journals.ametsoc.org/doi/abs/10.1175/1520-0442%282002%29015%3C1516%3AACVAIA%3E2.0.CO%3B2}
}

@ARTICLE{WANG10,
  author = {C. Wang and S. Dong},
  title = {Is the basin-wide warming in the {N}orth {A}tlantic {O}cean related
	to atmospheric carbon dioxide and global warming?},
  journal = grl,
  year = {2010},
  volume = {37},
  pages = {L08707},
  doi = {10.1029/2010GL042743},
  owner = {charles},
  timestamp = {2010.10.01}
}

@ARTICLE{WANG2010,
  author = {C. Wang and H. Liu and S.-K. Lee},
  title = {The record-breaking cold temperatures during the winter of 2009/2010
	in the {N}orthern {H}emisphere},
  journal = asl,
  year = {2010},
  volume = {11},
  pages = {161-168},
  doi = {10.1002/asl.278},
  owner = {charles},
  timestamp = {2010.10.01},
  url = {http://www.aoml.noaa.gov/phod/docs/Wang_etal_ASL_2010.pdf}
}

@ARTICLE{WANNER01,
  author = {Wanner, Heinz and Br\"{o}nnimann, Stefan and Casty, Carlo and Gyalistras,
	Dimitrios and Luterbacher, Jürg and Schmutz, Christoph and Stephenson,
	David B. and Xoplaki, Eleni},
  title = {{N}orth {A}tlantic {O}scillation - {C}oncepts And Studies},
  journal = sg,
  year = {2001},
  volume = {22},
  pages = {321-381},
  note = {10.1023/A:1014217317898},
  doi = {10.1023/A:1014217317898},
  issn = {0169-3298},
  issue = {4},
  keyword = {Earth and Environmental Science},
  owner = {charles},
  publisher = {Springer Netherlands},
  timestamp = {2010.10.01}
}

@ARTICLE{Wooster76,
  author = {W. S. Wooster and A. Bakun and D.~R. McLain},
  title = {The seasonal upwelling cycle along the eastern boundary of the {N}orth
	{A}tlantic},
  journal = jmr,
  year = {1976},
  volume = {34},
  pages = {131-140},
  owner = {charles},
  timestamp = {2010.07.13}
}

@ARTICLE{YODER93,
  author = {Yoder, J. A. and C. R. McClain and G. C. Feldman and W. E. Esaias},
  title = {Annual cycles of phytoplankton chlorophyll concentrations in the
	global ocean: {A} satellite view},
  journal = {Global Biogeochem. Cycles},
  year = {1993},
  volume = {7},
  pages = {181-194},
  number = {1},
  doi = {10.1029/93GB02358},
  owner = {charles},
  timestamp = {2010.10.22}
}

@ARTICLE{YU04,
  author = {Yu, L. and R. A. Weller and B. Sun},
  title = {Improving latent and sensible heat flux estimates for the {A}tlantic
	{O}cean (1988-1999) by a synthesis approach},
  journal = jclim,
  year = {2004},
  volume = {17},
  pages = {373-393},
  number = {2},
  doi = {10.1175/1520-0442(2004)017<0373:ILASHF>2.0.CO;2},
  owner = {charles},
  timestamp = {2010.10.04},
  url = {http://journals.ametsoc.org/doi/abs/10.1175/1520-0442%282004%29017%3C0373%3AILASHF%3E2.0.CO%3B2}
}

