 @article{Griffies_2016, title={OMIP contribution to CMIP6: experimental and diagnostic
protocol for the physical component of the   Ocean Model
 Intercomparison Project}, volume={9}, ISSN={1991-9603}, url={http://dx.doi.org/10.5194/gmd-9-3231-2016}, DOI={10.5194/gmd-9-3231-2016}, number={9}, journal={Geoscientific Model Development}, publisher={Copernicus GmbH}, author={Griffies, Stephen M. and Danabasoglu, Gokhan and Durack, Paul J. and Adcroft, Alistair J. and Balaji, V. and Böning, Claus W. and Chassignet, Eric P. and Curchitser, Enrique and Deshayes, Julie and Drange, Helge and et al.}, year={2016}, month={Sep}, pages={3231–3296}}
 @article{Alexander_2020, title={The Response of the Northwest Atlantic Ocean to Climate Change}, volume={33}, ISSN={1520-0442}, url={http://dx.doi.org/10.1175/JCLI-D-19-0117.1}, DOI={10.1175/jcli-d-19-0117.1}, number={2}, journal={Journal of Climate}, publisher={American Meteorological Society}, author={Alexander, Michael A. and Shin, Sang-ik and Scott, James D. and Curchitser, Enrique and Stock, Charles}, year={2020}, month={Jan}, pages={405–428}}
 @article{Eyring_2016, title={Overview of the Coupled Model Intercomparison Project Phase 6 (CMIP6)  experimental design and organization}, volume={9}, ISSN={1991-9603}, url={http://dx.doi.org/10.5194/gmd-9-1937-2016}, DOI={10.5194/gmd-9-1937-2016}, number={5}, journal={Geoscientific Model Development}, publisher={Copernicus GmbH}, author={Eyring, Veronika and Bony, Sandrine and Meehl, Gerald A. and Senior, Catherine A. and Stevens, Bjorn and Stouffer, Ronald J. and Taylor, Karl E.}, year={2016}, month={May}, pages={1937–1958}}
