% This file was created with JabRef 2.10.
% Encoding: UTF8


@Article{Debreu_2012,
  Title                    = {Two-way nesting in split-explicit ocean models: Algorithms, implementation and validation},
  Author                   = {Debreu, Laurent and Marchesiello, Patrick and Penven, Pierrick and Cambon, Gildas},
  Journal                  = {Ocean Modelling},
  Year                     = {2012},

  Month                    = {Jun},
  Pages                    = {1–21},
  Volume                   = {49-50},

  Doi                      = {10.1016/j.ocemod.2012.03.003},
  ISSN                     = {1463-5003},
  Publisher                = {Elsevier BV},
  Url                      = {http://dx.doi.org/10.1016/j.ocemod.2012.03.003}
}

@Article{Lemari__2015,
  Title                    = {Stability constraints for oceanic numerical models: implications for the formulation of time and space discretizations},
  Author                   = {Lemarié, F. and Debreu, L. and Madec, G. and Demange, J. and Molines, J.M. and Honnorat, M.},
  Journal                  = {Ocean Modelling},
  Year                     = {2015},

  Month                    = {Aug},
  Pages                    = {124–148},
  Volume                   = {92},

  Doi                      = {10.1016/j.ocemod.2015.06.006},
  ISSN                     = {1463-5003},
  Publisher                = {Elsevier BV},
  Url                      = {http://dx.doi.org/10.1016/j.ocemod.2015.06.006}
}

@Article{Penven_2006,
  Title                    = {Evaluation and application of the ROMS 1-way embedding procedure to the central california upwelling system},
  Author                   = {Penven, Pierrick and Debreu, Laurent and Marchesiello, Patrick and McWilliams, James C.},
  Journal                  = {Ocean Modelling},
  Year                     = {2006},

  Month                    = {Jan},
  Number                   = {1-2},
  Pages                    = {157–187},
  Volume                   = {12},

  Doi                      = {10.1016/j.ocemod.2005.05.002},
  ISSN                     = {1463-5003},
  Publisher                = {Elsevier BV},
  Url                      = {http://dx.doi.org/10.1016/j.ocemod.2005.05.002}
}

@Article{Pianezze_2018,
  Title                    = {A New Coupled Ocean-Waves-Atmosphere Model Designed for Tropical Storm Studies: Example of Tropical Cyclone Bejisa (2013-2014) in the South-West Indian Ocean},
  Author                   = {Pianezze, J. and Barthe, C. and Bielli, S. and Tulet, P. and Jullien, S. and Cambon, G. and Bousquet, O. and Claeys, M. and Cordier, E.},
  Journal                  = {Journal of Advances in Modeling Earth Systems},
  Year                     = {2018},

  Month                    = {Mar},
  Number                   = {3},
  Pages                    = {801–825},
  Volume                   = {10},

  Doi                      = {10.1002/2017ms001177},
  ISSN                     = {1942-2466},
  Publisher                = {American Geophysical Union (AGU)},
  Url                      = {http://dx.doi.org/10.1002/2017MS001177}
}

@TechReport{,
  Title                    = {CROCO Technical and numerical doc},
  Author                   = {S.Jullien and M.Caillaud and R. Benshila and L. Bordois ,
G. Cambon, F. Dumas, S. Le Gentil, F. Lemarié ,
P. Marchesiello, and S. Theetten},

  Owner                    = {ctroupin},
  Timestamp                = {2020.01.13}
}

 @article{Soufflet_2016, title={On effective resolution in ocean models}, volume={98}, ISSN={1463-5003}, url={http://dx.doi.org/10.1016/j.ocemod.2015.12.004}, DOI={10.1016/j.ocemod.2015.12.004}, journal={Ocean Modelling}, publisher={Elsevier BV}, author={Soufflet, Yves and Marchesiello, Patrick and Lemarié, Florian and Jouanno, Julien and Capet, Xavier and Debreu, Laurent and Benshila, Rachid}, year={2016}, month={Feb}, pages={36–50}}
