% This file was created with JabRef 2.10.
% Encoding: UTF8


@Article{Ar_stegui_2009,
  Title                    = {Sub-regional ecosystem variability in the Canary Current upwelling},
  Author                   = {Arístegui, Javier and Barton, Eric D. and Álvarez-Salgado, Xosé A. and Santos, A. Miguel P. and Figueiras, Francisco G. and Kifani, Souad and Hernández-León, Santiago and Mason, Evan and Machú, Eric and Demarcq, Hervé},
  Journal                  = {Progress in Oceanography},
  Year                     = {2009},

  Month                    = {Dec},
  Number                   = {1-4},
  Pages                    = {33–48},
  Volume                   = {83},

  Doi                      = {10.1016/j.pocean.2009.07.031},
  ISSN                     = {0079-6611},
  Publisher                = {Elsevier BV},
  Url                      = {https://www.sciencedirect.com/science/article/abs/pii/S0079661109001001}
}

@Article{AUEL2009237,
  Title                    = {Distribution and respiration of the high-latitude pelagic amphipod Themisto gaudichaudi in the Benguela Current in relation to upwelling intensity},
  Author                   = {Holger Auel and Werner Ekau},
  Journal                  = {Progress in Oceanography},
  Year                     = {2009},
  Note                     = {Eastern Boundary Upwelling Ecosystems: Integrative and Comparative Approaches},
  Number                   = {1},
  Pages                    = {237 - 241},
  Volume                   = {83},

  Doi                      = {https://doi.org/10.1016/j.pocean.2009.07.040},
  ISSN                     = {0079-6611},
  Owner                    = {ctroupin},
  Timestamp                = {2019.12.20},
  Url                      = {http://www.sciencedirect.com/science/article/pii/S0079661109000871}
}

@Article{Bakun_2015,
  Title                    = {Anticipated Effects of Climate Change on Coastal Upwelling Ecosystems},
  Author                   = {Bakun, A. and Black, B. A. and Bograd, S. J. and García-Reyes, M. and Miller, A. J. and Rykaczewski, R. R. and Sydeman, W. J.},
  Journal                  = {Current Climate Change Reports},
  Year                     = {2015},

  Month                    = {Mar},
  Number                   = {2},
  Pages                    = {85–93},
  Volume                   = {1},

  Doi                      = {10.1007/s40641-015-0008-4},
  ISSN                     = {2198-6061},
  Publisher                = {Springer Science and Business Media LLC},
  Url                      = {https://link.springer.com/article/10.1007%2Fs40641-015-0008-4}
}

@Article{BAKUN_2010,
  Title                    = {Greenhouse gas, upwelling-favorable winds, and the future of coastal ocean upwelling ecosystems},
  Author                   = {Bakun, Andrew And Field, David B. And Redondo-rodriguez, Ana And Weeks, Scarla J.},
  Journal                  = {Global Change Biology},
  Year                     = {2010},

  Month                    = {Apr},
  Number                   = {4},
  Pages                    = {1213–1228},
  Volume                   = {16},

  Doi                      = {10.1111/j.1365-2486.2009.02094.x},
  ISSN                     = {1365-2486},
  Owner                    = {ctroupin},
  Publisher                = {Wiley},
  Timestamp                = {2019.12.18},
  Url                      = {http://dx.doi.org/10.1111/j.1365-2486.2009.02094.x}
}

@Article{CHAVEZ200980,
  Title                    = {A comparison of Eastern Boundary Upwelling Ecosystems},
  Author                   = {Francisco P. Chavez and Monique Messié},
  Journal                  = {Progress in Oceanography},
  Year                     = {2009},
  Note                     = {Eastern Boundary Upwelling Ecosystems: Integrative and Comparative Approaches},
  Number                   = {1},
  Pages                    = {80 - 96},
  Volume                   = {83},

  Doi                      = {https://doi.org/10.1016/j.pocean.2009.07.032},
  ISSN                     = {0079-6611},
  Owner                    = {ctroupin},
  Timestamp                = {2019.12.20},
  Url                      = {http://www.sciencedirect.com/science/article/pii/S0079661109000998}
}

@Article{Garc_a_Reyes_2015,
  Title                    = {{Under Pressure: Climate Change, Upwelling, and Eastern Boundary Upwelling Ecosystems}},
  Author                   = {García-Reyes, Marisol and Sydeman, William J. and Schoeman, David S. and Rykaczewski, Ryan R. and Black, Bryan A. and Smit, Albertus J. and Bograd, Steven J.},
  Journal                  = {Frontiers in Marine Science},
  Year                     = {2015},

  Month                    = {Dec},
  Volume                   = {2},

  Doi                      = {10.3389/fmars.2015.00109},
  ISSN                     = {2296-7745},
  Publisher                = {Frontiers Media SA},
  Url                      = {https://www.frontiersin.org/articles/10.3389/fmars.2015.00109/full}
}

@Article{Gruber_2011,
  Title                    = {Eddy-induced reduction of biological production in eastern boundary upwelling systems},
  Author                   = {Gruber, Nicolas and Lachkar, Zouhair and Frenzel, Hartmut and Marchesiello, Patrick and Münnich, Matthias and McWilliams, James C. and Nagai, Takeyoshi and Plattner, Gian-Kasper},
  Journal                  = {Nature Geoscience},
  Year                     = {2011},

  Month                    = {Oct},
  Number                   = {11},
  Pages                    = {787–792},
  Volume                   = {4},

  Doi                      = {10.1038/ngeo1273},
  ISSN                     = {1752-0908},
  Publisher                = {Springer Science and Business Media LLC},
  Url                      = {https://www.nature.com/articles/ngeo1273}
}

@Article{Holt_2014,
  Title                    = {Challenges in integrative approaches to modelling the marine ecosystems of the North Atlantic: Physics to fish and coasts to ocean},
  Author                   = {Holt, Jason and Icarus Allen, J. and Anderson, Thomas R. and Brewin, Robert and Butenschön, Momme and Harle, James and Huse, Geir and Lehodey, Patrick and Lindemann, Christian and Memery, Laurent and et al.},
  Journal                  = {Progress in Oceanography},
  Year                     = {2014},

  Month                    = {Dec},
  Pages                    = {285–313},
  Volume                   = {129},

  Doi                      = {10.1016/j.pocean.2014.04.024},
  ISSN                     = {0079-6611},
  Publisher                = {Elsevier BV},
  Url                      = {https://www.sciencedirect.com/science/article/pii/S007966111400072X}
}

@Article{Hutchings_2009,
  Title                    = {The Benguela Current: An ecosystem of four components},
  Author                   = {Hutchings, L. and van der Lingen, C.D. and Shannon, L.J. and Crawford, R.J.M. and Verheye, H.M.S. and Bartholomae, C.H. and van der Plas, A.K. and Louw, D. and Kreiner, A. and Ostrowski, M. and et al.},
  Journal                  = {Progress in Oceanography},
  Year                     = {2009},

  Month                    = {Dec},
  Number                   = {1-4},
  Pages                    = {15–32},
  Volume                   = {83},

  Doi                      = {10.1016/j.pocean.2009.07.046},
  ISSN                     = {0079-6611},
  Publisher                = {Elsevier BV},
  Url                      = {https://www.sciencedirect.com/science/article/abs/pii/S0079661109001104}
}

@Article{LANDRY2009208,
  Title                    = {Lagrangian studies of phytoplankton growth and grazing relationships in a coastal upwelling ecosystem off Southern California},
  Author                   = {Michael R. Landry and Mark D. Ohman and Ralf Goericke and Michael R. Stukel and Kate Tsyrklevich},
  Journal                  = {Progress in Oceanography},
  Year                     = {2009},
  Note                     = {Eastern Boundary Upwelling Ecosystems: Integrative and Comparative Approaches},
  Number                   = {1},
  Pages                    = {208 - 216},
  Volume                   = {83},

  Doi                      = {https://doi.org/10.1016/j.pocean.2009.07.026},
  ISSN                     = {0079-6611},
  Owner                    = {ctroupin},
  Timestamp                = {2019.12.20},
  Url                      = {http://www.sciencedirect.com/science/article/pii/S0079661109000846}
}

@Article{Wang_2015,
  Title                    = {Intensification and spatial homogenization of coastal upwelling under climate change},
  Author                   = {Wang, Daiwei and Gouhier, Tarik C. and Menge, Bruce A. and Ganguly, Auroop R.},
  Journal                  = {Nature},
  Year                     = {2015},

  Month                    = {Feb},
  Number                   = {7539},
  Pages                    = {390–394},
  Volume                   = {518},

  Doi                      = {10.1038/nature14235},
  ISSN                     = {1476-4687},
  Publisher                = {Springer Science and Business Media LLC},
  Url                      = {https://www.nature.com/articles/nature14235}
}

