% This file was created with JabRef 2.10.
% Encoding: UTF8


@Article{ALVAREZ07,
  Title                    = {Contribution of upwelling filaments to offshore carbon export in the subtropical {N}ortheast {A}tlantic {O}cean},
  Author                   = {X. {\'{A}lvarez-Salgado} and J. Ar\'{i}stegui and E. D. Barton and D. A. Hansell},
  Journal                  = {Limnology and Oceanography},
  Year                     = {2007},
  Number                   = {3},
  Pages                    = {1287-1292},
  Volume                   = {52},

  Doi                      = {10.4319/lo.2007.52.3.1287},
  Owner                    = {charles},
  Timestamp                = {2009.09.28},
  Url                      = {http://www.aslo.org/lo/toc/vol_52/issue_3/1287.pdf}
}

@Article{CASTELAO07,
  Title                    = {The role of wind stress curl in jet separation at a cape},
  Author                   = {R. M. Castelao and J. A. Barth},
  Journal                  = {Journal of Physical Oceanography},
  Year                     = {2007},
  Pages                    = {2652-2671},
  Volume                   = {37},

  Doi                      = {10.1175/2007JPO3679.1},
  Owner                    = {Charles},
  Timestamp                = {2009.02.09}
}

@Article{CASTELAO06,
  Title                    = {The relative importance of wind strength and along-shelf bathymetric variations on the separation of a coastal upwelling jet},
  Author                   = {R. M. Castelao and J. A. Barth},
  Journal                  = {Journal of Physical Oceanography},
  Year                     = {2006},
  Pages                    = {412-425},
  Volume                   = {36},

  Doi                      = {10.1175/JPO2867.1},
  Owner                    = {Charles},
  Timestamp                = {2009.02.09}
}

