 @article{Stramma_2008, title={Expanding Oxygen-Minimum Zones in the Tropical Oceans}, volume={320}, ISSN={1095-9203}, url={http://dx.doi.org/10.1126/science.1153847}, DOI={10.1126/science.1153847}, number={5876}, journal={Science}, publisher={American Association for the Advancement of Science (AAAS)}, author={Stramma, L. and Johnson, G. C. and Sprintall, J. and Mohrholz, V.}, year={2008}, month={May}, pages={655–658}}
 @article{Harrison_2016, title={Potential and timescales for oxygen depletion in coastal upwelling systems: A box‐model analysis}, volume={121}, ISSN={2169-9291}, url={http://dx.doi.org/10.1002/2015JC011328}, DOI={10.1002/2015jc011328}, number={5}, journal={Journal of Geophysical Research: Oceans}, publisher={American Geophysical Union (AGU)}, author={Harrison, C. S. and Hales, B. and Siedlecki, S. and Samelson, R. M.}, year={2016}, month={May}, pages={3202–3227}}
 @article{Chan_2019, title={The Dynamics and Impact of Ocean Acidification and Hypoxia: Insights from Sustained Investigations in the Northern California Current Large Marine Ecosystem}, volume={32}, ISSN={1042-8275}, url={http://dx.doi.org/10.5670/oceanog.2019.312}, DOI={10.5670/oceanog.2019.312}, number={3}, journal={Oceanography}, publisher={The Oceanography Society}, author={Chan, Francis and Barth, John and Kroeker, Kristy and Lubchenco, Jane and Menge, Bruce}, year={2019}, month={Sep}, pages={62–71}}
 @article{Monteiro_2006, title={Variability of natural hypoxia and methane in a coastal upwelling system: Oceanic physics or shelf biology?}, volume={33}, ISSN={0094-8276}, url={http://dx.doi.org/10.1029/2006GL026234}, DOI={10.1029/2006gl026234}, number={16}, journal={Geophysical Research Letters}, publisher={American Geophysical Union (AGU)}, author={Monteiro, P. M. S. and van der Plas, A. and Mohrholz, V. and Mabille, E. and Pascall, A. and Joubert, W.}, year={2006}}
 @article{Machu_2019, title={First Evidence of Anoxia and Nitrogen Loss in the Southern Canary Upwelling System}, volume={46}, ISSN={1944-8007}, url={http://dx.doi.org/10.1029/2018GL079622}, DOI={10.1029/2018gl079622}, number={5}, journal={Geophysical Research Letters}, publisher={American Geophysical Union (AGU)}, author={Machu, E. and Capet, X. and Estrade, P. A. and Ndoye, S. and Brajard, J. and Baurand, F. and Auger, P.‐A. and Lazar, A. and Brehmer, P.}, year={2019}, month={Mar}, pages={2619–2627}}
