% This file was created with JabRef 2.10.
% Encoding: UTF8


@Article{Buchan_2014,
  Title                    = {North Atlantic SST Anomalies and the Cold North European Weather Events of Winter 2009/10 and December 2010},
  Author                   = {Buchan, Jian and Hirschi, Joël J.-M. and Blaker, Adam T. and Sinha, Bablu},
  Journal                  = {Monthly Weather Review},
  Year                     = {2014},

  Month                    = {Feb},
  Number                   = {2},
  Pages                    = {922–932},
  Volume                   = {142},

  Doi                      = {10.1175/mwr-d-13-00104.1},
  ISSN                     = {1520-0493},
  Publisher                = {American Meteorological Society},
  Url                      = {https://journals.ametsoc.org/doi/full/10.1175/MWR-D-13-00104.1}
}

@Article{Hu_2011,
  Title                    = {Persistent Atmospheric and Oceanic Anomalies in the North Atlantic from Summer 2009 to Summer 2010},
  Author                   = {Hu, Zeng-Zhen and Kumar, Arun and Huang, Bohua and Xue, Yan and Wang, Wanqiu and Jha, Bhaskar},
  Journal                  = {Journal of Climate},
  Year                     = {2011},

  Month                    = {Nov},
  Number                   = {22},
  Pages                    = {5812–5830},
  Volume                   = {24},

  Doi                      = {10.1175/2011jcli4213.1},
  ISSN                     = {1520-0442},
  Publisher                = {American Meteorological Society},
  Url                      = {https://journals.ametsoc.org/doi/full/10.1175/2011JCLI4213.1}
}

@Article{article,
  Title                    = {Dynamical downscaling of future sea level change in the western North Pacific using ROMS},
  Author                   = {Liu, Zhao-Jun and Minobe, Shoshiro and Sasaki, Yoshi and Terada, Mio},
  Journal                  = {Journal of Oceanography},
  Year                     = {2016},

  Month                    = {07},
  Volume                   = {72},

  Doi                      = {10.1007/s10872-016-0390-0},
  Owner                    = {ctroupin},
  Timestamp                = {2019.12.12},
  Url                      = {https://link.springer.com/article/10.1007%2Fs10872-016-0390-0}
}

@Article{Narayan_2010,
  Title                    = {Trends in coastal upwelling intensity during the late 20th century},
  Author                   = {Narayan, N. and Paul, A. and Mulitza, S. and Schulz, M.},
  Journal                  = {Ocean Science},
  Year                     = {2010},

  Month                    = {Sep},
  Number                   = {3},
  Pages                    = {815–823},
  Volume                   = {6},

  Doi                      = {10.5194/os-6-815-2010},
  ISSN                     = {1812-0792},
  Owner                    = {ctroupin},
  Publisher                = {Copernicus GmbH},
  Timestamp                = {2019.12.20},
  Url                      = {https://www.ocean-sci.net/6/815/2010/}
}

@Article{Rivi_re_2015,
  Title                    = {{Understanding the contrasting North Atlantic Oscillation anomalies of the winters of 2010 and 2014}},
  Author                   = {Rivière, Gwendal and Drouard, Marie},
  Journal                  = {Geophysical Research Letters},
  Year                     = {2015},

  Month                    = {Aug},
  Number                   = {16},
  Pages                    = {6868–6875},
  Volume                   = {42},

  Doi                      = {10.1002/2015gl065493},
  ISSN                     = {1944-8007},
  Publisher                = {American Geophysical Union (AGU)},
  Url                      = {https://agupubs.onlinelibrary.wiley.com/doi/10.1002/2015GL065493}
}

@Article{Sydeman_2014,
  Title                    = {Climate change and wind intensification in coastal upwelling ecosystems},
  Author                   = {Sydeman, W. J. and Garcia-Reyes, M. and Schoeman, D. S. and Rykaczewski, R. R. and Thompson, S. A. and Black, B. A. and Bograd, S. J.},
  Journal                  = {Science},
  Year                     = {2014},

  Month                    = {Jul},
  Number                   = {6192},
  Pages                    = {77–80},
  Volume                   = {345},

  Doi                      = {10.1126/science.1251635},
  ISSN                     = {1095-9203},
  Owner                    = {ctroupin},
  Publisher                = {American Association for the Advancement of Science (AAAS)},
  Timestamp                = {2019.12.20},
  Url                      = {http://dx.doi.org/10.1126/science.1251635}
}

@Book{IPCC2014,
  Title                    = {{Climate Change 2014: Impacts, Adaptation, and Vulnerability. Part B: Regional Aspects. Contribution of Working Group II to the Fifth Assessment Report of the Intergovernmental Panel on Climate Change}},
  Editor                   = {Barros, V.R. and C.B. Field and D.J. Dokken, M.D. Mastrandrea, K.J. Mach and T.E. Bilir and M. Chatterjee and K.L. Ebi and Y.O. Estrada and R.C. Genova and B. Girma and E.S. Kissel and A.N. Levy and 
S. MacCracken and P.R. Mastrandrea, and L.L. White},
  Publisher                = {Cambridge University Press, Cambridge, United Kingdom and New York, NY, USA,},
  Year                     = {2014},

  Owner                    = {ctroupin},
  Pages                    = {688},
  Timestamp                = {2019.01.17}
}

