 @article{Machu_2019, title={First Evidence of Anoxia and Nitrogen Loss in the Southern Canary Upwelling System}, volume={46}, ISSN={1944-8007}, url={http://dx.doi.org/10.1029/2018GL079622}, DOI={10.1029/2018gl079622}, number={5}, journal={Geophysical Research Letters}, publisher={American Geophysical Union (AGU)}, author={Machu, E. and Capet, X. and Estrade, P. A. and Ndoye, S. and Brajard, J. and Baurand, F. and Auger, P.‐A. and Lazar, A. and Brehmer, P.}, year={2019}, month={Mar}, pages={2619–2627}}
